
1
@inproceedings{laskaridis2020spinn,
  title={{SPINN}: synergistic progressive inference of neural networks over device and cloud},
  author={{S.~Laskaridis} and {S.~Venieris} and {M.~Almeida} and {I.~Leontiadis} and {N.~Lane}},
  booktitle={Proceedings of the 26th Annual International Conference on Mobile Computing and Networking},
  pages={1--15},
  year={2020}
}
